@Book{kopka04,
  author = 	 {Kopka, Helmut and Daly, Patrick W.},
  title = 	 {Guide to \LaTeX},
  publisher = 	 {Addison-Wesley},
  year = 	 {2004},
  edition = 	 {4}
}

@Book{goossens04,
  author = 	 {Mittelbach, Frank and Goossens, Michel},
  title = 	 {The \LaTeX{} Companion},
  publisher = 	 {Addison-Wesley},
  year = 	 {2004},
  edition = 	 {2}
}

@article{BroutEnglert,
  title = {Broken Symmetry and the Mass of Gauge Vector Mesons},
  author = {Englert, F. and Brout, R.},
  journal = {Phys. Rev. Lett.},
  volume = {13},
  issue = {9},
  pages = {321--323},
  numpages = {0},
  year = {1964},
  month = {Aug},
  publisher = {American Physical Society},
  doi = {10.1103/PhysRevLett.13.321},
  url = {http://link.aps.org/doi/10.1103/PhysRevLett.13.321}
}

@article{Higgs,
  title = {Broken Symmetries and the Masses of Gauge Bosons},
  author = {Higgs, Peter W.},
  journal = {Phys. Rev. Lett.},
  volume = {13},
  issue = {16},
  pages = {508--509},
  numpages = {0},
  year = {1964},
  month = {Oct},
  publisher = {American Physical Society},
  doi = {10.1103/PhysRevLett.13.508},
  url = {http://link.aps.org/doi/10.1103/PhysRevLett.13.508}
}

@article{CMSHiggs,
title = "Observation of a new boson at a mass of 125 GeV with the {CMS}
experiment at the {LHC} ",
journal = "Physics Letters B ",
volume = "716",
number = "1",
pages = "30 - 61",
year = "2012",
note = "",
issn = "0370-2693",
doi = "http://dx.doi.org/10.1016/j.physletb.2012.08.021",
url = "http://www.sciencedirect.com/science/article/pii/S0370269312008581",
author = "S. Chatrchyan and others ({CMS} collaboration)",
keywords = "\{CMS\}",
keywords = "Physics",
keywords = "Higgs "
}

@article{AtlasHiggs,
title = "Observation of a new particle in the search for the Standard Model
Higgs boson with the {ATLAS} detector at the {LHC} ",
journal = "Physics Letters B ",
volume = "716",
number = "1",
pages = "1 - 29",
year = "2012",
note = "",
issn = "0370-2693",
doi = "http://dx.doi.org/10.1016/j.physletb.2012.08.020",
url = "http://www.sciencedirect.com/science/article/pii/S037026931200857X",
author = {G. Aad and others ({ATLAS} collaboration)}
}

@article{SMGlashow,
title = "Partial-symmetries of weak interactions ",
journal = "Nuclear Physics ",
volume = "22",
number = "4",
pages = "579 - 588",
year = "1961",
note = "",
issn = "0029-5582",
doi = "http://dx.doi.org/10.1016/0029-5582(61)90469-2",
url = "http://www.sciencedirect.com/science/article/pii/0029558261904692",
author = "Sheldon L. Glashow"
}

@article{SMWeinberg,
  title = {A Model of Leptons},
  author = {Weinberg, Steven},
  journal = {Phys. Rev. Lett.},
  volume = {19},
  issue = {21},
  pages = {1264--1266},
  numpages = {0},
  year = {1967},
  month = {Nov},
  publisher = {American Physical Society},
  doi = {10.1103/PhysRevLett.19.1264},
  url = {http://link.aps.org/doi/10.1103/PhysRevLett.19.1264}
}

@article{SMtHooft,
title = "Regularization and renormalization of gauge fields ",
journal = "Nuclear Physics B ",
volume = "44",
number = "1",
pages = "189 - 213",
year = "1972",
note = "",
issn = "0550-3213",
doi = "http://dx.doi.org/10.1016/0550-3213(72)90279-9",
url = "http://www.sciencedirect.com/science/article/pii/0550321372902799",
author = "G. {'t Hooft} and M. Veltman"
}

@InProceedings{SMSalam,
 author = {A.Salam},
 title = {Weak and electromagnetic interactions},
 booktitle = {Proceedings of 8th Nobel Symposium, Lerum, Sweden},
 pages = {367},
 year = {1968},
 editor = {N. Svartholm},
 publisher = {Almqvist \& Wiksell},
}

@Book{SMtextbook,
 title = {Gauge theories of the strong and electroweak interaction},
 publisher = {Teubner},
 year = {2001},
 author = {BÃ¶hm, Manfred and Denner, Ansgar and Joos, Hans},
 edition = {3},
 isbn = {3-519-23045-3},
}

@ARTICLE{PauliBeta,
   author = {{Brown}, L.~M.},
    title = "{The idea of the neutrino}",
  journal = {Physics Today},
     year = 1978,
    month = sep,
   volume = 31,
    pages = {23-28},
   adsurl = {http://adsabs.harvard.edu/abs/1978PhT....31i..23B},
  adsnote = {Provided by the SAO/NASA Astrophysics Data System}
}

@article{CowanReines,
author = {Cowan, C. L. and Reines, F. and Harrison, F. B. and Kruse, H. W. and
McGuire, A. D.},
title = {Detection of the Free Neutrino: a Confirmation},
volume = {124},
number = {3212},
pages = {103-104},
year = {1956},
doi = {10.1126/science.124.3212.103},
URL = {http://www.sciencemag.org/content/124/3212/103.short},
eprint = {http://www.sciencemag.org/content/124/3212/103.full.pdf},
journal = {Science}
}

@article{NuMuDiscovery,
  title = {Observation of High-Energy Neutrino Reactions and the Existence of
Two Kinds of Neutrinos},
  author = {Danby, G. and Gaillard, J-M. and Goulianos, K. and Lederman, L. M.
and Mistry, N. and Schwartz, M. and Steinberger, J.},
  journal = {Phys. Rev. Lett.},
  volume = {9},
  issue = {1},
  pages = {36--44},
  numpages = {0},
  year = {1962},
  month = {Jul},
  publisher = {American Physical Society},
  doi = {10.1103/PhysRevLett.9.36},
  url = {http://link.aps.org/doi/10.1103/PhysRevLett.9.36}
}

@article{DONUT,
title = "Observation of tau neutrino interactions ",
journal = "Physics Letters B ",
volume = "504",
number = "3",
pages = "218 - 224",
year = "2001",
note = "",
issn = "0370-2693",
doi = "http://dx.doi.org/10.1016/S0370-2693(01)00307-0",
url = "http://www.sciencedirect.com/science/article/pii/S0370269301003070",
author = "K. Kodama and others (DONUT collaboration)"
}